<?xml version='1.0' encoding='utf-8'?>
<record xmlns="http://www.loc.gov/MARC21/slim" xmlns:xsi="http://www.w3.org/2001/XMLSchema-instance">
  <leader>00000nas^a2200241^a^4500</leader>
  <controlfield tag="001">005977105</controlfield>
  <controlfield tag="005">20090401145746.0</controlfield>
  <controlfield tag="008">061116cuuuu9999miumr^n^^^^^^^0^^^a0eng^d</controlfield>
  <datafield tag="035" ind1=" " ind2=" ">
    <subfield code="a">(OCoLC)318417436</subfield>
  </datafield>
  <datafield tag="040" ind1=" " ind2=" ">
    <subfield code="a">MiU-H</subfield>
    <subfield code="c">MiU-H</subfield>
  </datafield>
  <datafield tag="245" ind1="0" ind2="0">
    <subfield code="a">Italian American Cultural Society.</subfield>
  </datafield>
  <datafield tag="260" ind1=" " ind2=" ">
    <subfield code="a">Clinton Township, Mich. :</subfield>
    <subfield code="b">Italian American Cultural Society.</subfield>
  </datafield>
  <datafield tag="300" ind1=" " ind2=" ">
    <subfield code="a">v. :</subfield>
    <subfield code="b">ill. (some col.) ;</subfield>
    <subfield code="c">40 cm.</subfield>
  </datafield>
  <datafield tag="310" ind1=" " ind2=" ">
    <subfield code="a">Monthly</subfield>
  </datafield>
  <datafield tag="500" ind1=" " ind2=" ">
    <subfield code="a">Description based on: Nov. 2007; title from caption.</subfield>
  </datafield>
  <datafield tag="650" ind1=" " ind2="0">
    <subfield code="a">Italian Americans</subfield>
    <subfield code="z">Michigan</subfield>
    <subfield code="v">Periodicals.</subfield>
  </datafield>
  <datafield tag="610" ind1="2" ind2="0">
    <subfield code="a">Italian American Cultural Society (Mich.)</subfield>
    <subfield code="v">Periodicals.</subfield>
  </datafield>
  <datafield tag="710" ind1="2" ind2=" ">
    <subfield code="a">Italian American Cultural Society (Mich.)</subfield>
  </datafield>
  <datafield tag="780" ind1="0" ind2="0">
    <subfield code="t">Italian American.</subfield>
    <subfield code="w">(OCoLC)76164210</subfield>
  </datafield>
  <datafield tag="852" ind1="8" ind2=" ">
    <subfield code="a">MiU-H</subfield>
    <subfield code="b">BENT</subfield>
    <subfield code="h">2011010 Aa 2</subfield>
  </datafield>
  <datafield tag="997" ind1=" " ind2=" ">
    <subfield code="a">MARS</subfield>
  </datafield>
  <datafield tag="998" ind1=" " ind2=" ">
    <subfield code="c">OV</subfield>
  </datafield>
  <datafield tag="955" ind1=" " ind2=" ">
    <subfield code="b">BENT</subfield>
    <subfield code="p">5977105-100</subfield>
    <subfield code="z">v.3:no.11(2009:Nov.)</subfield>
  </datafield>
  <datafield tag="955" ind1=" " ind2=" ">
    <subfield code="b">BENT</subfield>
    <subfield code="p">5977105-1000</subfield>
    <subfield code="z">v.36:no.8(2015:Aug.)</subfield>
  </datafield>
  <datafield tag="955" ind1=" " ind2=" ">
    <subfield code="b">BENT</subfield>
    <subfield code="p">5977105-1010</subfield>
    <subfield code="z">v.36:no.9(2015:Sep.)</subfield>
  </datafield>
  <datafield tag="955" ind1=" " ind2=" ">
    <subfield code="b">BENT</subfield>
    <subfield code="p">5977105-1020</subfield>
    <subfield code="z">v.36:no.10(2015:Oct.)</subfield>
  </datafield>
  <datafield tag="955" ind1=" " ind2=" ">
    <subfield code="b">BENT</subfield>
    <subfield code="p">5977105-1030</subfield>
    <subfield code="z">v.36:no.11(2015:Nov.)</subfield>
  </datafield>
  <datafield tag="955" ind1=" " ind2=" ">
    <subfield code="b">BENT</subfield>
    <subfield code="p">5977105-1040</subfield>
    <subfield code="z">v.36:no.12(2015:Dec.)</subfield>
  </datafield>
  <datafield tag="955" ind1=" " ind2=" ">
    <subfield code="b">BENT</subfield>
    <subfield code="p">5977105-1050</subfield>
    <subfield code="z">v.36:no.1(2016:Jan.)</subfield>
  </datafield>
  <datafield tag="955" ind1=" " ind2=" ">
    <subfield code="b">BENT</subfield>
    <subfield code="p">5977105-1060</subfield>
    <subfield code="z">v.36:no.2(2016:Feb.)</subfield>
  </datafield>
  <datafield tag="955" ind1=" " ind2=" ">
    <subfield code="b">BENT</subfield>
    <subfield code="p">5977105-1070</subfield>
    <subfield code="z">v.36:no.3(2016:Mar.)</subfield>
  </datafield>
  <datafield tag="955" ind1=" " ind2=" ">
    <subfield code="b">BENT</subfield>
    <subfield code="p">5977105-1080</subfield>
    <subfield code="z">v.36:no.4(2016:April)</subfield>
  </datafield>
  <datafield tag="955" ind1=" " ind2=" ">
    <subfield code="b">BENT</subfield>
    <subfield code="p">5977105-1090</subfield>
    <subfield code="z">v.36:no.12(2016:May)</subfield>
  </datafield>
  <datafield tag="955" ind1=" " ind2=" ">
    <subfield code="b">BENT</subfield>
    <subfield code="p">5977105-110</subfield>
    <subfield code="z">v.31:no.12(2009:Dec.)</subfield>
  </datafield>
  <datafield tag="955" ind1=" " ind2=" ">
    <subfield code="b">BENT</subfield>
    <subfield code="p">5977105-140</subfield>
    <subfield code="z">v.32:no.01(2010:Jan.)</subfield>
  </datafield>
  <datafield tag="955" ind1=" " ind2=" ">
    <subfield code="b">BENT</subfield>
    <subfield code="p">5977105-150</subfield>
    <subfield code="z">v.32:no.2(2010:Feb.)</subfield>
  </datafield>
  <datafield tag="955" ind1=" " ind2=" ">
    <subfield code="b">BENT</subfield>
    <subfield code="p">5977105-160</subfield>
    <subfield code="z">v.32:no.3(2010:Mar.)</subfield>
  </datafield>
  <datafield tag="955" ind1=" " ind2=" ">
    <subfield code="b">BENT</subfield>
    <subfield code="p">5977105-170</subfield>
    <subfield code="z">v.32:no.4(2010:April)</subfield>
  </datafield>
  <datafield tag="955" ind1=" " ind2=" ">
    <subfield code="b">BENT</subfield>
    <subfield code="p">5977105-180</subfield>
    <subfield code="z">v.32:no.5(2010:May)</subfield>
  </datafield>
  <datafield tag="955" ind1=" " ind2=" ">
    <subfield code="b">BENT</subfield>
    <subfield code="p">5977105-190</subfield>
    <subfield code="z">v.32:no.6(2010:Jun.)</subfield>
  </datafield>
  <datafield tag="955" ind1=" " ind2=" ">
    <subfield code="b">BENT</subfield>
    <subfield code="p">5977105-20</subfield>
    <subfield code="z">v.3:no.3(2009:Mar.)</subfield>
  </datafield>
  <datafield tag="955" ind1=" " ind2=" ">
    <subfield code="b">BENT</subfield>
    <subfield code="p">5977105-200</subfield>
    <subfield code="z">v.32:no.7(2010:Jul.)</subfield>
  </datafield>
  <datafield tag="955" ind1=" " ind2=" ">
    <subfield code="b">BENT</subfield>
    <subfield code="p">5977105-210</subfield>
    <subfield code="z">v.32:no.8(2010:Aug.)</subfield>
  </datafield>
  <datafield tag="955" ind1=" " ind2=" ">
    <subfield code="b">BENT</subfield>
    <subfield code="p">5977105-220</subfield>
    <subfield code="z">v.32:no.9(2010:Sep.)</subfield>
  </datafield>
  <datafield tag="955" ind1=" " ind2=" ">
    <subfield code="b">BENT</subfield>
    <subfield code="p">5977105-230</subfield>
    <subfield code="z">v.32:no.10(2010:Oct.)</subfield>
  </datafield>
  <datafield tag="955" ind1=" " ind2=" ">
    <subfield code="b">BENT</subfield>
    <subfield code="p">5977105-240</subfield>
    <subfield code="z">v.32:no.11(2010:Nov.)</subfield>
  </datafield>
  <datafield tag="955" ind1=" " ind2=" ">
    <subfield code="b">BENT</subfield>
    <subfield code="p">5977105-250</subfield>
    <subfield code="z">v.32:no.12(2010:Dec.)</subfield>
  </datafield>
  <datafield tag="955" ind1=" " ind2=" ">
    <subfield code="b">BENT</subfield>
    <subfield code="p">5977105-260</subfield>
    <subfield code="z">v.33:no.1(2011:Jan.)</subfield>
  </datafield>
  <datafield tag="955" ind1=" " ind2=" ">
    <subfield code="b">BENT</subfield>
    <subfield code="p">5977105-270</subfield>
    <subfield code="z">v.33:no.2(2011:Feb.)</subfield>
  </datafield>
  <datafield tag="955" ind1=" " ind2=" ">
    <subfield code="b">BENT</subfield>
    <subfield code="p">5977105-280</subfield>
    <subfield code="z">v.33:no.3(2011:Mar.)</subfield>
  </datafield>
  <datafield tag="955" ind1=" " ind2=" ">
    <subfield code="b">BENT</subfield>
    <subfield code="p">5977105-290</subfield>
    <subfield code="z">v.33:no.4(2011:April)</subfield>
  </datafield>
  <datafield tag="955" ind1=" " ind2=" ">
    <subfield code="b">BENT</subfield>
    <subfield code="p">5977105-30</subfield>
    <subfield code="z">v.3:no.4(2009:April)</subfield>
  </datafield>
  <datafield tag="955" ind1=" " ind2=" ">
    <subfield code="b">BENT</subfield>
    <subfield code="p">5977105-300</subfield>
    <subfield code="z">v.33:no.5(2011:May)</subfield>
  </datafield>
  <datafield tag="955" ind1=" " ind2=" ">
    <subfield code="b">BENT</subfield>
    <subfield code="p">5977105-310</subfield>
    <subfield code="z">v.33:no.6(2011:Jun.)</subfield>
  </datafield>
  <datafield tag="955" ind1=" " ind2=" ">
    <subfield code="b">BENT</subfield>
    <subfield code="p">5977105-320</subfield>
    <subfield code="z">v.33:no.6(2011:Jul.)</subfield>
  </datafield>
  <datafield tag="955" ind1=" " ind2=" ">
    <subfield code="b">BENT</subfield>
    <subfield code="p">5977105-330</subfield>
    <subfield code="z">v.33:no.8(2011:Aug.)</subfield>
  </datafield>
  <datafield tag="955" ind1=" " ind2=" ">
    <subfield code="b">BENT</subfield>
    <subfield code="p">5977105-340</subfield>
    <subfield code="z">v.33:no.9(2011:Sep.)</subfield>
  </datafield>
  <datafield tag="955" ind1=" " ind2=" ">
    <subfield code="b">BENT</subfield>
    <subfield code="p">5977105-350</subfield>
    <subfield code="z">v.33:no.10(2011:Oct.)</subfield>
  </datafield>
  <datafield tag="955" ind1=" " ind2=" ">
    <subfield code="b">BENT</subfield>
    <subfield code="p">5977105-360</subfield>
    <subfield code="z">v.33:no.11(2011:Nov.)</subfield>
  </datafield>
  <datafield tag="955" ind1=" " ind2=" ">
    <subfield code="b">BENT</subfield>
    <subfield code="p">5977105-370</subfield>
    <subfield code="z">v.33:no.12(2011:Dec.)</subfield>
  </datafield>
  <datafield tag="955" ind1=" " ind2=" ">
    <subfield code="b">BENT</subfield>
    <subfield code="p">5977105-380</subfield>
    <subfield code="z">v.34:no.1(2012:Jan.)</subfield>
  </datafield>
  <datafield tag="955" ind1=" " ind2=" ">
    <subfield code="b">BENT</subfield>
    <subfield code="p">5977105-390</subfield>
    <subfield code="z">v.34:no.2(2012:Feb.)</subfield>
  </datafield>
  <datafield tag="955" ind1=" " ind2=" ">
    <subfield code="b">BENT</subfield>
    <subfield code="p">5977105-40</subfield>
    <subfield code="z">v.3:no.5(2009:May)</subfield>
  </datafield>
  <datafield tag="955" ind1=" " ind2=" ">
    <subfield code="b">BENT</subfield>
    <subfield code="p">5977105-400</subfield>
    <subfield code="z">v.34:no.3(2012:Mar.)</subfield>
  </datafield>
  <datafield tag="955" ind1=" " ind2=" ">
    <subfield code="b">BENT</subfield>
    <subfield code="p">5977105-410</subfield>
    <subfield code="z">v.34:no.4(2012:April)</subfield>
  </datafield>
  <datafield tag="955" ind1=" " ind2=" ">
    <subfield code="b">BENT</subfield>
    <subfield code="p">5977105-420</subfield>
    <subfield code="z">v.34:no.5(2012:May)</subfield>
  </datafield>
  <datafield tag="955" ind1=" " ind2=" ">
    <subfield code="b">BENT</subfield>
    <subfield code="p">5977105-430</subfield>
    <subfield code="z">v.34:no.6(2012:Jun.)</subfield>
  </datafield>
  <datafield tag="955" ind1=" " ind2=" ">
    <subfield code="b">BENT</subfield>
    <subfield code="p">5977105-440</subfield>
    <subfield code="z">v.34:no.7(2012:Jul.)</subfield>
  </datafield>
  <datafield tag="955" ind1=" " ind2=" ">
    <subfield code="b">BENT</subfield>
    <subfield code="p">5977105-450</subfield>
    <subfield code="z">v.34:no.8(2012:Aug.)</subfield>
  </datafield>
  <datafield tag="955" ind1=" " ind2=" ">
    <subfield code="b">BENT</subfield>
    <subfield code="p">5977105-460</subfield>
    <subfield code="z">v.34:no.9(2012:Sep.)</subfield>
  </datafield>
  <datafield tag="955" ind1=" " ind2=" ">
    <subfield code="b">BENT</subfield>
    <subfield code="p">5977105-470</subfield>
    <subfield code="z">v.34:no.10(2012:Oct.)</subfield>
  </datafield>
  <datafield tag="955" ind1=" " ind2=" ">
    <subfield code="b">BENT</subfield>
    <subfield code="p">5977105-480</subfield>
    <subfield code="z">v.34:no.11(2012:Nov.)</subfield>
  </datafield>
  <datafield tag="955" ind1=" " ind2=" ">
    <subfield code="b">BENT</subfield>
    <subfield code="p">5977105-490</subfield>
    <subfield code="z">v.34:no.12(2012:Dec.)</subfield>
  </datafield>
  <datafield tag="955" ind1=" " ind2=" ">
    <subfield code="b">BENT</subfield>
    <subfield code="p">5977105-50</subfield>
    <subfield code="z">v.3:no.6(2009:Jun.)</subfield>
  </datafield>
  <datafield tag="955" ind1=" " ind2=" ">
    <subfield code="b">BENT</subfield>
    <subfield code="p">5977105-500</subfield>
    <subfield code="z">v.33:no.1(2013:Jan.)</subfield>
  </datafield>
  <datafield tag="955" ind1=" " ind2=" ">
    <subfield code="b">BENT</subfield>
    <subfield code="p">5977105-510</subfield>
    <subfield code="z">v.33:no.2(2013:Feb.)</subfield>
  </datafield>
  <datafield tag="955" ind1=" " ind2=" ">
    <subfield code="b">BENT</subfield>
    <subfield code="p">5977105-520</subfield>
    <subfield code="z">v.33:no.3(2013:Mar.)</subfield>
  </datafield>
  <datafield tag="955" ind1=" " ind2=" ">
    <subfield code="b">BENT</subfield>
    <subfield code="p">5977105-530</subfield>
    <subfield code="z">v.33:no.4(2013:April)</subfield>
  </datafield>
  <datafield tag="955" ind1=" " ind2=" ">
    <subfield code="b">BENT</subfield>
    <subfield code="p">5977105-540</subfield>
    <subfield code="z">v.33:no.5(2013:May)</subfield>
  </datafield>
  <datafield tag="955" ind1=" " ind2=" ">
    <subfield code="b">BENT</subfield>
    <subfield code="p">5977105-550</subfield>
    <subfield code="z">v.33:no.6(2013:Jun.)</subfield>
  </datafield>
  <datafield tag="955" ind1=" " ind2=" ">
    <subfield code="b">BENT</subfield>
    <subfield code="p">5977105-560</subfield>
    <subfield code="z">v.33:no.7(2013:Jul.)</subfield>
  </datafield>
  <datafield tag="955" ind1=" " ind2=" ">
    <subfield code="b">BENT</subfield>
    <subfield code="p">5977105-570</subfield>
    <subfield code="z">v.33:no.8(2013:Aug.)</subfield>
  </datafield>
  <datafield tag="955" ind1=" " ind2=" ">
    <subfield code="b">BENT</subfield>
    <subfield code="p">5977105-580</subfield>
    <subfield code="z">v.33:no.9(2013:Sep.)</subfield>
  </datafield>
  <datafield tag="955" ind1=" " ind2=" ">
    <subfield code="b">BENT</subfield>
    <subfield code="p">5977105-590</subfield>
    <subfield code="z">v.33:no.10(2013:Oct.)</subfield>
  </datafield>
  <datafield tag="955" ind1=" " ind2=" ">
    <subfield code="b">BENT</subfield>
    <subfield code="p">5977105-60</subfield>
    <subfield code="z">v.3:no.7(2009:Jul.)</subfield>
  </datafield>
  <datafield tag="955" ind1=" " ind2=" ">
    <subfield code="b">BENT</subfield>
    <subfield code="p">5977105-600</subfield>
    <subfield code="z">v.33:no.11(2013:Nov.)</subfield>
  </datafield>
  <datafield tag="955" ind1=" " ind2=" ">
    <subfield code="b">BENT</subfield>
    <subfield code="p">5977105-620</subfield>
    <subfield code="z">v.33:no.12(2012:Dec.)</subfield>
  </datafield>
  <datafield tag="955" ind1=" " ind2=" ">
    <subfield code="b">BENT</subfield>
    <subfield code="p">5977105-70</subfield>
    <subfield code="z">v.3:no.8(2009:Aug.)</subfield>
  </datafield>
  <datafield tag="955" ind1=" " ind2=" ">
    <subfield code="b">BENT</subfield>
    <subfield code="p">5977105-740</subfield>
    <subfield code="z">v.33:no.24(2013:Dec.)</subfield>
  </datafield>
  <datafield tag="955" ind1=" " ind2=" ">
    <subfield code="b">BENT</subfield>
    <subfield code="p">5977105-750</subfield>
    <subfield code="z">v.35:no.1(2014:Jan.)</subfield>
  </datafield>
  <datafield tag="955" ind1=" " ind2=" ">
    <subfield code="b">BENT</subfield>
    <subfield code="p">5977105-760</subfield>
    <subfield code="z">v.35:no.2(2014:Feb.)</subfield>
  </datafield>
  <datafield tag="955" ind1=" " ind2=" ">
    <subfield code="b">BENT</subfield>
    <subfield code="p">5977105-770</subfield>
    <subfield code="z">v.35:no.3(2014:Mar.)</subfield>
  </datafield>
  <datafield tag="955" ind1=" " ind2=" ">
    <subfield code="b">BENT</subfield>
    <subfield code="p">5977105-780</subfield>
    <subfield code="z">v.35:no.4(2014:April)</subfield>
  </datafield>
  <datafield tag="955" ind1=" " ind2=" ">
    <subfield code="b">BENT</subfield>
    <subfield code="p">5977105-80</subfield>
    <subfield code="z">v.3:no.9(2009:Sep.)</subfield>
  </datafield>
  <datafield tag="955" ind1=" " ind2=" ">
    <subfield code="b">BENT</subfield>
    <subfield code="p">5977105-860</subfield>
    <subfield code="z">v.35:no.6(2014:Jun.)</subfield>
  </datafield>
  <datafield tag="955" ind1=" " ind2=" ">
    <subfield code="b">BENT</subfield>
    <subfield code="p">5977105-870</subfield>
    <subfield code="z">v.35:no.7(2014:Jul.)</subfield>
  </datafield>
  <datafield tag="955" ind1=" " ind2=" ">
    <subfield code="b">BENT</subfield>
    <subfield code="p">5977105-880</subfield>
    <subfield code="z">v.35:no.8(2014:Aug.)</subfield>
  </datafield>
  <datafield tag="955" ind1=" " ind2=" ">
    <subfield code="b">BENT</subfield>
    <subfield code="p">5977105-890</subfield>
    <subfield code="z">v.35:no.9(2014:Sep.)</subfield>
  </datafield>
  <datafield tag="955" ind1=" " ind2=" ">
    <subfield code="b">BENT</subfield>
    <subfield code="p">5977105-90</subfield>
    <subfield code="z">v.3:no.10(2009:Oct.)</subfield>
  </datafield>
  <datafield tag="955" ind1=" " ind2=" ">
    <subfield code="b">BENT</subfield>
    <subfield code="p">5977105-900</subfield>
    <subfield code="z">v.35:no.10(2014:Oct.)</subfield>
  </datafield>
  <datafield tag="955" ind1=" " ind2=" ">
    <subfield code="b">BENT</subfield>
    <subfield code="p">5977105-910</subfield>
    <subfield code="z">v.35:no.11(2014:Nov.)</subfield>
  </datafield>
  <datafield tag="955" ind1=" " ind2=" ">
    <subfield code="b">BENT</subfield>
    <subfield code="p">5977105-920</subfield>
    <subfield code="z">v.35:no.12(2014:Dec.)</subfield>
  </datafield>
  <datafield tag="955" ind1=" " ind2=" ">
    <subfield code="b">BENT</subfield>
    <subfield code="p">5977105-930</subfield>
    <subfield code="z">v.36:no.1(2015:Jan.)</subfield>
  </datafield>
  <datafield tag="955" ind1=" " ind2=" ">
    <subfield code="b">BENT</subfield>
    <subfield code="p">5977105-940</subfield>
    <subfield code="z">v.36:no.2(2015:Feb.)</subfield>
  </datafield>
  <datafield tag="955" ind1=" " ind2=" ">
    <subfield code="b">BENT</subfield>
    <subfield code="p">5977105-950</subfield>
    <subfield code="z">v.36:no.3(2015:Mar.)</subfield>
  </datafield>
  <datafield tag="955" ind1=" " ind2=" ">
    <subfield code="b">BENT</subfield>
    <subfield code="p">5977105-960</subfield>
    <subfield code="z">v.36:no.4(2015:April)</subfield>
  </datafield>
  <datafield tag="955" ind1=" " ind2=" ">
    <subfield code="b">BENT</subfield>
    <subfield code="p">5977105-970</subfield>
    <subfield code="z">v.36:no.5(2015:May)</subfield>
  </datafield>
  <datafield tag="955" ind1=" " ind2=" ">
    <subfield code="b">BENT</subfield>
    <subfield code="p">5977105-980</subfield>
    <subfield code="z">v.36:no.6(2015:Jun.)</subfield>
  </datafield>
  <datafield tag="955" ind1=" " ind2=" ">
    <subfield code="b">BENT</subfield>
    <subfield code="p">5977105-990</subfield>
    <subfield code="z">v.36:no.7(2015:Jul.)</subfield>
  </datafield>
  <datafield tag="955" ind1=" " ind2=" ">
    <subfield code="b">BENT</subfield>
    <subfield code="p">B3367296</subfield>
    <subfield code="z">v.29:no.6 (2007:June)</subfield>
  </datafield>
</record>
